@article{lekkerkerker,
  title={Voorstelling van natuurlijke getallen door een som van getallen van Fibonacci},
  author={Lekkerkerker, Cornelius Gerrit},
  journal={Stichting Mathematisch Centrum. Zuivere Wiskunde},
  number={ZW 30/51},
  year={1951},
  publisher={Stichting Mathematisch Centrum}
}